@manual{posix,
  title = {Standard POSIX},
  author = {{The Open Group}},
  year = {2008},
  url = {https://pubs.opengroup.org/onlinepubs/9699919799/}
}

@manual{FHS,
  title = {Standard FHS},
  author = {{The Linux Foundation}},
  year = {2015},
  url = {https://refspecs.linuxfoundation.org/FHS_3.0/fhs/index.html}
}
@manual{LSB,
  title = {Standard LSB},
  author = {{The Linux Foundation}},
  year = {2015},
  url = {https://refspecs.linuxfoundation.org/lsb.shtml}
}




@manual{archlinux_partition,
  title = {Partitionnement de disque},
  author = {{Arch Linux Community}},
  year = {2024},
  url = {https://wiki.archlinux.org/title/Partitioning},
  note = {Guide Arch Linux},
  organization = {Arch Linux} % Ajouter ce champ
}

@online{tutoriel_unix,
  author = {{Le Document Mine d'Information}},
  title = {Tutoriel Unix : Compilation depuis les sources},
  year = {2023},
  url = {https://moi.vonos.net/linux/beginners-installing-from-source/},
  urldate = {2023-10-01},
  organization = {The Mine of Information} % Ajouter ce champ
}


@misc{theme_grub,
  author = {Kaddechi, Nacef},
  title = {Thème simple pour chargeur de démarrage},
  year = {2025},
  url = {https://github.com/n1cef/kraken_grub_theme},
  howpublished = {Dépôt GitHub} % Ajouter ce champ
}
@misc{gestionnaire_affichage,
  author = {Nyx191 and Vogtinator},
  title = {Gestionnaire de session graphique},
  year = {2020},
  url = {https://github.com/sddm/sddm}
}

@manual{doc_xorg,
  title = {Documentation du serveur Xorg},
  author = {{Communauté X.Org}},
  year = {2020},
  url = {https://wiki.x.org/wiki/ModuleDescriptions/}
}

@misc{bibliotheques_xorg,
  title = {Bibliothèques Xorg},
  author = {{Projet X.Org}},
  year = {2020},
  url = {https://www.x.org/archive//individual/lib/}
}

@misc{framework_kde,
  title = {Framework KDE 6},
  author = {{Communauté KDE}},
  year = {2020},
  url = {https://download.kde.org/Attic/frameworks/6.5/}
}

@misc{environnement_plasma,
  title = {Environnement Plasma},
  author = {{Communauté KDE}},
  year = {2020},
  url = {https://download.kde.org/Attic/plasma/6.1.4/}
}

@misc{switch_domaine,
  author = {Kaddechi, Nacef},
  title = {KDS (Kraken Domain Switcher)},
  year = {2020},
  url = {https://github.com/n1cef/KMS}
}

@misc{depot_kur,
  title = {Dépôt de paquets Kraken (KUR)},
  author = {{Équipe Kraken}},
  year = {2023},
  url = {https://github.com/n1cef/KUR}
}

@misc{gestionnaire_paquets,
  title = {Gestionnaire de paquets Kraken (KPM)},
  author = {{Équipe Kraken}},
  year = {2023},
  url = {https://github.com/n1cef/KPM}
}

@misc{installateur_tui,
  title = {Installateur en mode texte},
  author = {{Équipe Kraken}},
  year = {2023},
  url = {https://github.com/n1cef/kraken_installer_tui}
}

@misc{installateur_gui,
  title = {Installateur graphique},
  author = {{Équipe Kraken}},
  year = {2023},
  url = {https://github.com/n1cef/kraken_installer_gui}
}

@manual{squashfs,
  title = {Documentation SquashFS},
  author = {{Documentation du noyau Linux}},
  year = {2023},
  url = {https://docs.kernel.org/filesystems/squashfs.html}
}

@manual{syslinux,
  title = {Guide SYSLINUX},
  author = {{Communauté Syslinux}},
  year = {2023},
  url = {https://linuxlink.timesys.com/docs/engineering/wiki/HOWTO_Install_the_SYSLINUX_Bootloader}
}

@misc{iso_kraken,
  title = {Lien du fichier ISO},
  year = {2023},
  url = {https://mega.nz/file/qShnnAyT#mXckpzoiXRS8eg815wy76dWOp50T-l3iKpoE9WEvq_E}
}


@misc{sddm_theme_kraken ,
  title = {gestionnaire d’affichage },
  author = {{Équipe Kraken}},
  year = {2025},
  url = {https://github.com/n1cef/kraken_sddm_theme}
}
@misc{sddm_theme_astronaut ,
  title = {gestionnaire d’affichage},
  author = {{Keyitdev}},
  year = {2024},
  url = {https://github.com/Keyitdev/sddm-astronaut-theme}
}


@book{linuxkernel,
    author ={{ Greg Kroah-Hartman}} ,
    title = {Linux Kernel in a Nutshe},
    publisher = {{  O'Reilly.}},
    year = {2006},
url = {http://www.kroah.com/lkn/}
}

@manual{lfs,
    author ={{ equipe lfs}} ,
    title = {Linux from scratch},
    publisher = {{ Gerard Beekmans}},
    year = {1999},
url = {https://www.linuxfromscratch.org/lfs/}
}



@manual{lfs_book,
    author ={{ equipe lfs}} ,
    title = {Linux from scratch book},
    publisher = {{ Gerard Beekmans}},
    year = {1999},
url = {https://www.linuxfromscratch.org/lfs/downloads/stable/LFS-BOOK-12.3.pdf}
}

@manual{linux_nutshell,
    author ={{  Greg Kroah-Hartman,}} ,
    title = {Linux Kernel in a Nutshell},
    publisher = {{ O'Reilly.}},
    year = {2006},
url = {http://www.kroah.com/lkn/}
}
@manual{blfs,
    author ={{ equipe blfs}} ,
    title = { beyond Linux from scratch},
    publisher = {{ BLFS Development Team}},
    year = {2003},
url = {https://www.linuxfromscratch.org/blfs/read.html}
}


@manual{terry_davis,
    author ={{ terry davis}} ,
    title = { templeos},
    publisher = {{ terry davis}},
    year = {2007},
url = {https://fr.wikipedia.org/wiki/Terry_A._Davis}
}

@manual{bootstrap,
    author ={{ Arjun}} ,
    title = { Self-Compiling},
    publisher = {{ Arjun}},
    year = {2023},
url = {https://medium.com/@ghosalarjun/exploring-the-power-of-self-compiling-c-compilers-c9eec42d9878}
}


@manual{Linux_kernel_course,
    author ={{ Daniel Băluță}} ,
    title = {Course overview and Linux kernel introduction},
    publisher = {{ Răzvan Deaconescu}},
    year = {2005},
url = {https://linux-kernel-labs.github.io/refs/heads/master/so2/lec1-intro.html}
}

@manual{systemV_systemD,
    author ={{ ineselmoukaouim8}} ,
    title = {SystemD vs SysytemV},
    publisher = {{ ineselmoukaouim8}},
    year = {2025},
url = {https://www.scribd.com/document/848757967/2-SystemV-vs-Systemd}
}

@manual{blfs_bootscripts,
    author ={{ equipe blfs}} ,
    title = { beyond Linux from scratch},
    publisher = {{ BLFS Development Team}},
    year = {2024},
url = {https://www.linuxfromscratch.org/blfs/view/git/introduction/bootscripts.html}
}


@manual{grub_doc,
    author ={{ Free Software Foundation}} ,
    title = { grub documentation},
    publisher = {{ Free Software Foundation}},
    year = {2023},
url = {https://www.gnu.org/software/grub/manual/grub/grub.html}
}


@misc{kraken_tools ,
  title = {gestionnaire de paquet },
  author = {{NACEF KADDECHI}},
  year = {2025},
  url = {https://mega.nz/file/nCRxRSbA#lSj3f_sT-8mUsTeTBV06oHU2B3FzIrjV4Bc4HRAPRSA}
}
@misc{kraken_entropy ,
  title = {gestionnaire de paquet},
  author = {{NACEF KADDECHI}},
  year = {2025},
  url = {https://mega.nz/file/napUTQyb#-JLKrhPawpGq85PJeqGXATAqaXGCAaWYMdW0--WwIsQ}
}
@misc{sddm ,
  title = {login manager },
  author = {{Équipe sddm}},
  year = {2020},
  url = {https://github.com/sddm/sddm}
}

@misc{initrd ,
  title = {le fichier initrd },
  author = {{NACEF KADDECHI }},
  year = {2020},
  url = {https://github.com/n1cef/kraken_os_iso/blob/main/initrd_content/init}
}


@misc{kde_preview ,
  title = {envirennement graphique },
  author = {{NACEF KADDECHI }},
  year = {2025},
  url = {https://mega.nz/file/eWA0wDZT#AiL6uZAaDaEyXpe_kvSGtsAlUYlkUJiSqIxvVKYVMCg}
}


@misc{kraken_doamin_switcher,
  title = {simple application },
  author = {{NACEF KADDECHI }},
  year = {2025},
  url = {https://mega.nz/file/zb43nRxa#bjesglh7VLcai2yE1OG6xtp6cIykTo5JAqk8fap4Xkw}
}
@misc{iso_link,
  title = {Fichier iso  },
  author = {{NACEF KADDECHI }},
  year = {2025},
  url = {https://mega.nz/file/TSRmhBIK#Eycoz45mPsjbFnRsR0fnoXcvw8EDR27lzw0AvNKz5Zk}
}

@misc{guide_iso,
  title = {guide d’utilisation  },
  author = {{NACEF KADDECHI }},
  year = {2025},
  url = {https://mega.nz/file/rSICGDbR#oLgwjFH4oIjZeA3gNDmd2tPCCO1NC4rAfyIuDOI0hzs}
}

